@article{otsu_improved,
author = {Ng, Hui Fuang},
year = {2016},
month = {07},
pages = {12-21},
title = {A Weighting Scheme for Improving Otsu Method for Threshold Selections},
volume = {27},
journal = {Journal of Computers (Taiwan)}
}